<record><leader>00000cas a22000007a 4500</leader><controlfield tag="001">16246736</controlfield><controlfield tag="008">870720d19051906aluwr ne      0    0eng d</controlfield><datafield ind1=" " ind2=" " tag="010"><subfield code="a">sn 87050254 </subfield></datafield><datafield ind1=" " ind2=" " tag="040"><subfield code="a">CPN</subfield><subfield code="b">eng</subfield><subfield code="c">CPN</subfield><subfield code="d">OCLCQ</subfield></datafield><datafield ind1=" " ind2=" " tag="042"><subfield code="a">msc</subfield></datafield><datafield ind1="0" ind2="4" tag="245"><subfield code="a">The New era herald.</subfield></datafield><datafield ind1=" " ind2=" " tag="260"><subfield code="a">Double Springs, Ala. :</subfield><subfield code="b">Geo. W. Adkins,</subfield><subfield code="c">1905-1906.</subfield></datafield><datafield ind1=" " ind2=" " tag="310"><subfield code="a">Weekly</subfield></datafield><datafield ind1="0" ind2=" " tag="362"><subfield code="a">New ser. vol. 1, no. 1 (Jan. 19, 1905)-v. 1, no. 2 (Jan. 26, 1905) ; Feb. 2, 1905-Oct. 6 [i.e. 5], 1906.</subfield></datafield><datafield ind1=" " ind2=" " tag="752"><subfield code="a">United States</subfield><subfield code="b">Alabama</subfield><subfield code="c">Winston</subfield><subfield code="d">Double Springs.</subfield></datafield><datafield ind1="0" ind2="4" tag="780"><subfield code="t">New era (Double Springs, Ala.)</subfield><subfield code="w">(DLC)sn 87050089</subfield></datafield><datafield ind1="0" ind2="4" tag="780"><subfield code="t">Winston herald (Double Springs, Ala. : 1901)</subfield><subfield code="w">(DLC)sn 87050253</subfield></datafield><datafield ind1="0" ind2="0" tag="785"><subfield code="t">New era (Double Springs, Ala. : 1906)</subfield><subfield code="w">(DLC)sn 87050255</subfield></datafield></record>